<?xml version="1.0" encoding="UTF-8"?><collection xmlns="http://www.loc.gov/MARC21/slim"><record><leader>00455nam--2200169-i-4500</leader><controlfield tag="001">000020727</controlfield><controlfield tag="002">20161230</controlfield><controlfield tag="005">20161230201033</controlfield><controlfield tag="008">060222s1000------------r-----000-0-eng-d</controlfield><datafield ind1=" " ind2=" " tag="040"><subfield code="a">IFIN-HH</subfield></datafield><datafield ind1=" " ind2=" " tag="080"><subfield code="a">504.05:614.876(06)</subfield></datafield><datafield ind1="1" ind2=" " tag="110"><subfield code="a">The Romanian Society For Radiological Protection</subfield></datafield><datafield ind1=" " ind2=" " tag="245"><subfield code="a">The romanian society for radiological protection</subfield></datafield><datafield ind1=" " ind2=" " tag="260"><subfield code="a">Bucuresti</subfield><subfield code="c">1994</subfield></datafield><datafield ind1=" " ind2=" " tag="300"><subfield code="a">12 P</subfield></datafield><datafield ind1=" " ind2=" " tag="852"><subfield code="a">80629</subfield><subfield code="c">61</subfield></datafield><datafield ind1=" " ind2=" " tag="CAT"><subfield code="a">Sys</subfield><subfield code="c">20110412</subfield><subfield code="h">142348</subfield></datafield></record></collection>